# $Id: references.bib 1789 2010-09-28 16:30:23Z jabriffa $

# This file contains bibliography entries in BibTeX format. Examples are
# provided of the more common entry types.
@misc{wikipediacontributors_2019_bootstrap,
  author = {Wikipedia Contributors},
  month = {04},
  publisher = {Wikimedia Foundation},
  title = {Bootstrap (front-end framework)},
  url = {https://en.wikipedia.org/wiki/Bootstrap_(front-end_framework)},
  year = {2019},
  organization = {Wikipedia}
}

@misc{amirsalihefendic_2015_how,
  author = {Amir Salihefendic},
  month = {12},
  publisher = {Hacking and Gonzo},
  title = {How Reddit ranking algorithms work},
  url = {https://medium.com/hacking-and-gonzo/how-reddit-ranking-algorithms-work-ef111e33d0d9},
  year = {2015},
  organization = {Medium}
}

@article{laramee_2011_bobs,
  author = {Laramee, Robert S},
  month = {02},
  pages = {43-54},
  title = {Bobâ€™s Project Guidelines: Writing a Dissertation for a BSc. in Computer Science},
  doi = {10.11120/ital.2011.10010043},
  urldate = {2020-08-22},
  volume = {10},
  year = {2011},
  journal = {Innovation in Teaching and Learning in Information and Computer Sciences}
}

@misc{majewski_2019_top,
  author = {Majewski, Maja},
  month = {03},
  title = {Top 6 Software Development Methodologies - Blog | Planview},
  url = {http://leankit.com/blog/2019/03/top-6-software-development-methodologies/},
  urldate = {2020-08-22},
  year = {2019},
  organization = {Planview Blog}
}

@misc{salihefendic_2015_how,
  author = {Salihefendic, Amir},
  month = {12},
  title = {How Hacker News ranking algorithm works},
  url = {https://medium.com/hacking-and-gonzo/how-hacker-news-ranking-algorithm-works-1d9b0cf2c08d},
  urldate = {2020-08-22},
  year = {2015},
  organization = {Medium}
}

@misc{shirriff_2013_how,
  author = {Shirriff, Ken Shirriff},
  month = {03},
  title = {How Hacker News ranking really works: scoring, controversy, and penalties},
  url = {http://www.righto.com/2013/11/how-hacker-news-ranking-really-works.html},
  urldate = {2020-08-22},
  year = {2013},
  organization = {Ken Shirriff's Blog}
}

@misc{michelbillard_2019_an,
  author = {Michel Billard},
  month = {01},
  title = {An introduction to ranking algorithms seen on social news aggregators (Example)},
  url = {https://coderwall.com/p/cacyhw/an-introduction-to-ranking-algorithms-seen-on-social-news-aggregators},
  year = {2019},
  organization = {Coderwall}
}

@misc{miller_2009_how,
  author = {Miller, Evan},
  month = {02},
  title = {How Not To Sort By Average Rating},
  url = {https://www.evanmiller.org/how-not-to-sort-by-average-rating.html},
  urldate = {2020-08-22},
  year = {2009},
  organization = {www.evanmiller.org}
}

@misc{willee_2016_django,
  author = {Willee, Hamish},
  month = {01},
  title = {Django introduction},
  url = {https://developer.mozilla.org/en-US/docs/Learn/Server-side/Django/Introduction},
  year = {2016},
  organization = {MDN Web Docs}
}

@misc{gabriel_2020_robertjgabrielgoogleprofanitywords,
  author = {Gabriel, Robert James},
  month = {08},
  title = {RobertJGabriel/Google-profanity-words},
  url = {https://github.com/RobertJGabriel/Google-profanity-words},
  year = {2020},
  organization = {GitHub}
}

@misc{stackify_2017_what,
  author = {Stackify},
  month = {12},
  title = {What is SDLC? Understand the Software Development Life Cycle},
  url = {https://stackify.com/what-is-sdlc/},
  year = {2017},
  organization = {Stackify}
}

@misc{djangostars_2016_why,
  author = {Editorial-Team},
  month = {01},
  title = {Why We Use Django Framework and What Is Django Best Used For},
  url = {https://djangostars.com/blog/why-we-use-django-framework/},
  urldate = {2020-08-22},
  year = {2016},
  organization = {Django Stars Blog}
}

@misc{doordash_2017_tips,
  author = {DoorDash},
  month = {05},
  title = {Tips for Building High-Quality Django Apps at Scale},
  url = {https://medium.com/@DoorDash/tips-for-building-high-quality-django-apps-at-scale-a5a25917b2b5},
  urldate = {2020-08-22},
  year = {2017},
  organization = {Medium}
}
